%% This BibTeX bibliography file was created using BibDesk.
%% http://bibdesk.sourceforge.net/


%% Created for Lauro Cesar Araujo at 2015-04-27 19:43:45 -0300 


%% Saved with string encoding Unicode (UTF-8) 



@book{ibge1993,
	Address = {Rio de Janeiro},
	Author = {IBGE},
	Date-Added = {2013-08-21 13:56:10 +0000},
	Date-Modified = {2013-08-21 13:56:10 +0000},
	Edition = {3},
	Organization = {http://biblioteca.ibge.gov.br/visualizacao/livros/liv23907.pdf},
	Publisher = {Centro de Documenta{\c c}{\~a}o e Dissemina{\c c}{\~a}o de Informa{\c c}{\~o}es. Funda{\c c}{\~a}o Intituto Brasileiro de Geografia e Estat{\'\i}stica},
	Title = {Normas de apresenta{\c c}{\~a}o tabular},
	Urlaccessdate = {21 ago 2013},
	Year = {1993}}

@misc{abntex2-wiki-como-customizar,
	Author = {Lauro C{\'e}sar Araujo},
	Date-Added = {2013-03-23 21:39:21 +0000},
	Date-Modified = {2015-04-27 22:43:06 +0000},
	Howpublished = {Wiki do abnTeX2},
	Keywords = {wiki},
	Title = {Como customizar o abnTeX2},
	Url = {https://github.com/abntex/abntex2/wiki/ComoCustomizar},
	Urlaccessdate = {27 abr 2015},
	Year = {2015},
	Bdsk-Url-1 = {https://github.com/abntex/abntex2/wiki/ComoCustomizar}}

@manual{talbot2012,
	Author = {Nicola L.C. Talbot},
	Date-Added = {2013-03-11 12:06:04 +0000},
	Date-Modified = {2013-03-11 12:06:56 +0000},
	Month = {Nov.},
	Title = {User Manual for glossaries.sty},
	Url = {http://mirrors.ctan.org/macros/latex/contrib/glossaries/glossaries-user.pdf},
	Urlaccessdate = {11 mar. 2013},
	Year = {2012},
	Bdsk-Url-1 = {http://mirrors.ctan.org/macros/latex/contrib/glossaries/glossaries-user.pdf}}

@manual{babel,
	Author = {Johannes Braams},
	Date-Added = {2013-02-17 13:37:14 +0000},
	Date-Modified = {2013-02-17 13:38:38 +0000},
	Month = {Apr.},
	Title = {Babel, a multilingual package for use with LATEX's standard document classes},
	Url = {http://mirrors.ctan.org/info/babel/babel.pdf},
	Urlaccessdate = {17 fev. 2013},
	Year = {2008},
	Bdsk-Url-1 = {http://mirrors.ctan.org/info/babel/babel.pdf}}

@manual{abntex2modelo-artigo,
	Annote = {Este documento {\'e} derivado do \cite{abnt-bibtex-doc}},
	Author = {Lauro C{\'e}sar Araujo},
	Date-Added = {2013-01-15 00:10:35 +0000},
	Date-Modified = {2015-04-27 22:43:13 +0000},
	Organization = {Equipe abnTeX2},
	Title = {Modelo Can{\^o}nico de Artigo Cient{\'\i}fico com abnTeX2},
	Url = {http://www.abntex.net.br/},
	Year = {2015},
	Bdsk-Url-1 = {http://www.abntex.net.br/}}

@manual{abntex2modelo-relatorio,
	Annote = {Este documento {\'e} derivado do \cite{abnt-bibtex-doc}},
	Author = {Lauro C{\'e}sar Araujo},
	Date-Added = {2013-01-15 00:05:34 +0000},
	Date-Modified = {2015-04-27 22:43:18 +0000},
	Organization = {Equipe abnTeX2},
	Title = {Modelo Can{\^o}nico de Relat{\'o}rio T{\'e}cnico e/ou Cient{\'\i}fico com abnTeX2},
	Url = {http://www.abntex.net.br/},
	Year = {2015},
	Bdsk-Url-1 = {http://www.abntex.net.br/}}

@manual{abntex2modelo,
	Annote = {Este documento {\'e} derivado do \cite{abnt-bibtex-doc}},
	Author = {Lauro C{\'e}sar Araujo},
	Date-Added = {2013-01-12 22:55:32 +0000},
	Date-Modified = {2015-04-27 22:43:32 +0000},
	Organization = {Equipe abnTeX2},
	Title = {Modelo Can{\^o}nico de Trabalho Acad{\^e}mico com abnTeX2},
	Url = {http://www.abntex.net.br/},
	Year = {2015},
	Bdsk-Url-1 = {http://www.abntex.net.br/}}

@mastersthesis{araujo2012,
	Address = {Bras{\'\i}lia},
	Author = {Lauro C{\'e}sar Araujo},
	Date-Added = {2013-01-09 11:04:42 +0000},
	Date-Modified = {2013-01-09 11:04:42 +0000},
	Month = {mar.},
	School = {Universidade de Bras{\'\i}lia},
	Subtitle = {uma perspectiva de {A}rquitetura da {I}nforma{\c c}{\~a}o da {E}scola de {B}ras{\'\i}lia},
	Title = {Configura{\c c}{\~a}o},
	Year = {2012}}

@manual{memoir,
	Address = {Normandy Park, WA},
	Author = {Peter Wilson and Lars Madsen},
	Date-Added = {2013-01-09 10:37:50 +0000},
	Date-Modified = {2013-03-21 13:23:25 +0000},
	Organization = {The Herries Press},
	Title = {The Memoir Class for Configurable Typesetting - User Guide},
	Url = {http://mirrors.ctan.org/macros/latex/contrib/memoir/memman.pdf},
	Urlaccessdate = {19 dez. 2012},
	Year = {2010},
	Bdsk-Url-1 = {http://ctan.tche.br/macros/latex/contrib/memoir/memman.pdf}}

@manual{abntex2cite-alf,
	Annote = {Este documento {\'e} derivado do \cite{abnt-bibtex-alf-doc}},
	Author = {Lauro C{\'e}sar Araujo},
	Date-Added = {2013-01-09 10:37:45 +0000},
	Date-Modified = {2015-04-27 22:43:44 +0000},
	Organization = {Equipe abnTeX2},
	Title = {O pacote abntex2cite: t{\'o}picos espec{\'\i}ficos da ABNT NBR 10520:2002 e o estilo bibliogr{\'a}fico alfab{\'e}tico (sistema autor-data)},
	Url = {http://www.abntex.net.br/},
	Year = {2015},
	Bdsk-Url-1 = {http://www.abntex.net.br/}}

@manual{abntex2cite,
	Annote = {Este documento {\'e} derivado do \cite{abnt-bibtex-doc}},
	Author = {Lauro C{\'e}sar Araujo},
	Date-Added = {2013-01-09 10:37:45 +0000},
	Date-Modified = {2015-04-27 22:43:38 +0000},
	Organization = {Equipe abnTeX2},
	Title = {O pacote abntex2cite: Estilos bibliogr{\'a}ficos compat{\'\i}veis com a ABNT NBR 6023},
	Url = {http://www.abntex.net.br/},
	Year = {2015},
	Bdsk-Url-1 = {http://www.abntex.net.br/}}

@manual{abntex2classe,
	Author = {Lauro C{\'e}sar Araujo},
	Date-Added = {2013-01-09 10:37:38 +0000},
	Date-Modified = {2015-04-27 22:42:47 +0000},
	Organization = {Equipe abnTeX2},
	Title = {A classe abntex2: Modelo can{\^o}nico de trabalhos acad{\^e}micos brasileiros compat{\'\i}vel com as normas ABNT NBR 14724:2011, ABNT NBR 6024:2012 e outras},
	Url = {http://www.abntex.net.br/},
	Year = {2015},
	Bdsk-Url-1 = {http://www.abntex.net.br/}}

@manual{NBR10520:2002,
	Address = {Rio de Janeiro},
	Date-Added = {2012-12-15 21:43:38 +0000},
	Date-Modified = {2013-01-12 22:17:20 +0000},
	Month = {ago.},
	Org-Short = {ABNT},
	Organization = {Associa{\c c}\~ao Brasileira de Normas T\'ecnicas},
	Pages = 7,
	Subtitle = {Informa{\c c}\~ao e documenta{\c c}\~ao --- Apresenta{\c c}\~ao de cita{\c c}\~oes em documentos},
	Title = {{NBR} 10520},
	Year = 2002}

@manual{NBR6024:2012,
	Address = {Rio de Janeiro},
	Date-Added = {2012-12-15 21:24:06 +0000},
	Date-Modified = {2012-12-15 21:24:28 +0000},
	Month = {fev.},
	Org-Short = {ABNT},
	Organization = {Associa{\c c}\~ao Brasileira de Normas T\'ecnicas},
	Pages = 4,
	Subtitle = {Numera{\c c}\~ao progressiva das se{\c c}\~oes de um documento},
	Title = {{NBR} 6024},
	Year = 2012}

@manual{NBR6028:2003,
	Address = {Rio de Janeiro},
	Date-Added = {2012-12-15 21:02:12 +0000},
	Date-Modified = {2012-12-15 21:02:50 +0000},
	Month = {nov.},
	Org-Short = {ABNT},
	Organization = {Associa{\c c}\~ao Brasileira de Normas T\'ecnicas},
	Pages = 2,
	Subtitle = {Resumo - Apresenta{\c c}{\~a}o},
	Title = {{NBR} 6028},
	Year = 2003}

@manual{NBR14724:2001,
	Address = {Rio de Janeiro},
	Date-Added = {2012-12-15 20:34:08 +0000},
	Date-Modified = {2012-12-15 20:34:08 +0000},
	Month = {jul.},
	Org-Short = {ABNT},
	Organization = {Associa{\c c}\~ao Brasileira de Normas T\'ecnicas},
	Pages = 6,
	Subtitle = {Informa{\c c}\~ao e documenta{\c c}\~ao --- trabalhos acad\^emicos --- apresenta{\c c}\~ao},
	Title = {{NBR} 14724},
	Year = 2001}

@manual{NBR14724:2002,
	Address = {Rio de Janeiro},
	Date-Added = {2012-12-15 20:34:17 +0000},
	Date-Modified = {2012-12-15 20:34:17 +0000},
	Month = {ago.},
	Org-Short = {ABNT},
	Organization = {Associa{\c c}\~ao Brasileira de Normas T\'ecnicas},
	Pages = 6,
	Subtitle = {Informa{\c c}\~ao e documenta{\c c}\~ao --- trabalhos acad\^emicos --- apresenta{\c c}\~ao},
	Title = {{NBR} 14724},
	Year = 2002}

@manual{NBR14724:2005,
	Address = {Rio de Janeiro},
	Date-Added = {2012-12-15 20:34:08 +0000},
	Date-Modified = {2012-12-15 20:35:25 +0000},
	Month = {dez.},
	Org-Short = {ABNT},
	Organization = {Associa{\c c}\~ao Brasileira de Normas T\'ecnicas},
	Pages = 9,
	Subtitle = {Informa{\c c}\~ao e documenta{\c c}\~ao --- trabalhos acad\^emicos --- apresenta{\c c}\~ao},
	Title = {{NBR} 14724},
	Year = 2005}

@manual{NBR14724:2011,
	Address = {Rio de Janeiro},
	Date-Added = {2012-12-15 20:34:08 +0000},
	Date-Modified = {2012-12-15 20:35:25 +0000},
	Month = {mar.},
	Note = {Substitui a Ref.~\citeonline{NBR14724:2005}},
	Org-Short = {ABNT},
	Organization = {Associa{\c c}\~ao Brasileira de Normas T\'ecnicas},
	Pages = 15,
	Subtitle = {Informa{\c c}\~ao e documenta{\c c}\~ao --- trabalhos acad\^emicos --- apresenta{\c c}\~ao},
	Title = {{NBR} 14724},
	Year = 2011}

@article{van86,
	Author = {{van}, Gigch, John P. and Leo L. Pipino},
	Journal = {Future Computing Systems},
	Number = {1},
	Pages = {71-97},
	Title = {In search for a paradigm for the discipline of information systems},
	Volume = {1},
	Year = {1986}}

@phdthesis{guizzardi2005,
	Address = {Enschede, The Netherlands},
	Author = {Giancarlo Guizzardi},
	Date-Added = {2012-04-23 11:35:28 +0000},
	Date-Modified = {2012-04-23 11:35:28 +0000},
	School = {Centre for Telematics and Information Technology, University of Twente},
	Title = {Ontological Foundations for Structural Conceptual Models},
	Url = {http://www.loa.istc.cnr.it/Guizzardi/SELMAS-CR.pdf},
	Urlaccessdate = {3 jul. 2011},
	Year = {2005},
	Bdsk-Url-1 = {http://www.loa.istc.cnr.it/Guizzardi/SELMAS-CR.pdf}}

@mastersthesis{macedo2005,
	Author = {Fl{\'a}via L. Macedo},
	Date-Added = {2012-04-23 11:35:13 +0000},
	Date-Modified = {2012-04-23 11:35:13 +0000},
	Keywords = {arquitetura da informa{\c c}{\~a}o},
	School = {Universidade de Bras{\'\i}lia},
	Title = {Arquitetura da Informa{\c c}{\~a}o: aspectos espistemol{\'o}gicos, cient{\'\i}ficos e pr{\'a}ticos.},
	Type = {Disserta{\c c}{\~a}o de Mestrado},
	Year = {2005}}

@manual{EIA649B,
	Address = {EUA},
	Date-Added = {2012-04-23 11:34:59 +0000},
	Date-Modified = {2012-04-23 11:34:59 +0000},
	Keywords = {norma},
	Month = {June},
	Organization = {TechAmerica},
	Title = {ANSI/EIA 649-B: Configuration Management Standard},
	Year = {2011}}

@inproceedings{masolo2010,
	Author = {Claudio Masolo},
	Booktitle = {Proceedings of the Twelfth International Conference on the Principles of Knowledge Representation and Reasoning (KR 2010)},
	Date-Added = {2012-04-23 11:34:38 +0000},
	Date-Modified = {2012-04-23 11:34:38 +0000},
	Editor = {Lin, F. and Sattler, U.},
	Pages = {258-268},
	Publisher = {AAAI Press},
	Title = {Understanding Ontological Levels},
	Url = {http://wiki.loa-cnr.it/Papers/kr10v0.7.pdf},
	Urlaccessdate = {2 jan. 2012},
	Year = {2010},
	Bdsk-Url-1 = {http://wiki.loa-cnr.it/Papers/kr10v0.7.pdf}}

@inbook{guarino1995,
	Address = {Vienna},
	Author = {Nicola Guarino},
	Booktitle = {Philosophy and the Cognitive Science},
	Date-Added = {2012-04-23 11:34:29 +0000},
	Date-Modified = {2012-04-23 11:34:29 +0000},
	Editor = {R. Casati and B. Smith and G. White},
	Month = {Sept.},
	Pages = {443-456},
	Publisher = {Holder-Pivhler-Tempsky},
	Title = {The Ontological Level},
	Url = {http://wiki.loa-cnr.it/Papers/OntLev.pdf},
	Urlaccessdate = {2 jan. 2012},
	Year = {1995},
	Bdsk-Url-1 = {http://wiki.loa-cnr.it/Papers/OntLev.pdf}}

@incollection{bates2010,
	Address = {New York},
	Author = {Marcia J. Bates},
	Booktitle = {Encyclopedia of Library and Information Sciences},
	Date-Added = {2012-04-23 11:34:29 +0000},
	Date-Modified = {2012-04-23 11:34:29 +0000},
	Edition = {3rd},
	Editor = {Marcia J. Bates and Mary Niles Maack},
	Pages = {2347-2360},
	Publisher = {CRC Press},
	Title = {Information},
	Url = {http://pages.gseis.ucla.edu/faculty/bates/articles/information.html},
	Urlaccessdate = {24 out. 2011},
	Volume = {3},
	Year = {2010},
	Bdsk-Url-1 = {http://pages.gseis.ucla.edu/faculty/bates/articles/information.html}}

@book{doxiadis1965,
	Author = {Constantinos A. Doxiadis},
	Date-Added = {2012-04-23 11:34:20 +0000},
	Date-Modified = {2012-04-23 11:34:20 +0000},
	Publisher = {Ceira - Coimbra},
	Title = {Arquitetura em Transi{\c c}{\~a}o},
	Year = {1965}}

@book{wiener,
	Author = {Norbert Wiener},
	Date-Added = {2012-04-23 11:34:20 +0000},
	Date-Modified = {2012-04-23 11:34:20 +0000},
	Publisher = {Wiley},
	Title = {Differential Space},
	Year = {1923}}
	
@book{stevens,
	Author = {Stevens Shreve E.},
	Date-Added = {2012-04-23 11:34:20 +0000},
	Date-Modified = {2012-04-23 11:34:20 +0000},
	Publisher = {Springer Finance - Pittsburg},
	Title = {Stochastic Calculus for Finance II: Continuous-Time Models},
	Year = {2004}}

@book{chaos,
	Author = {Peitgen, Jürgens e Saupe},
	Date-Added = {2012-04-23 11:34:20 +0000},
	Date-Modified = {2012-04-23 11:34:20 +0000},
	Publisher = {Springer Finance - Bremen},
	Title = {Chaos and Fractals: New Frontiers of Science 2nd},
	Year = {2004}}

@book{ian,
	Author = {Ian Stewart},
	Date-Added = {2012-04-23 11:34:20 +0000},
	Date-Modified = {2012-04-23 11:34:20 +0000},
	Publisher = {Blackwell Publishing - Londres},
	Title = {Does God Play Dice: The New Mathematics of Chaos},
	Year = {1989}}

@book{lorenz,
	Author = {Edward Lorenz},
	Date-Added = {2012-04-23 11:34:20 +0000},
	Date-Modified = {2012-04-23 11:34:20 +0000},
	Publisher = {University of Washington Press - Nova Iorque},
	Title = {Essence of Chaos},
	Year = {1996}}

@Inbook{fisher,
	author="Basrak, Bojan",
	editor="Lovric, Miodrag",
	title="Fisher-Tippett Theorem",
	bookTitle="International Encyclopedia of Statistical Science",
	year="2011",
	publisher="Springer Berlin Heidelberg",
	address="Berlin, Heidelberg",
	pages="525--526",
	isbn="978-3-642-04898-2",
	doi="10.1007/978-3-642-04898-2_254",
	url="https://doi.org/10.1007/978-3-642-04898-2_254"
}

@book{atlas,
	Organization = {Centro de Pesquisas de Energia Elétrica, CEPEL},
	Org-Short = {CEPEL},
	title = {Atlas do Potencial Eólico Brasileiro},
	year = {2001},
	address = {Brasíli},
	url = {http://www.cresesb.cepel.br/publicacoes/download/atlas_eolico/atlas%20do%20potencial%20eolico%20brasileiro.pdf}
}

@article{weibull,
	Author = {Jaroslav Menčík},
	Journal = {Springer, Berlin, Heidelberg},
	Number = {1},
	Pages = {71-97},
	Title = {Weibull Distribution},
	Volume = {1},
	Year = {2016}
}

@misc{era5,
	Author = {ECMWF},
	Date-Added = {2013-03-23 21:39:21 +0000},
	Date-Modified = {2015-04-27 22:43:06 +0000},
	Title = {ERA5 Reanalysis Database},
	Url = {https://www.ecmwf.int/en/forecasts/datasets/archive-datasets/reanalysis-datasets/era5},
	Urlaccessdate = {03 nov 2018},
	Year = {2017}}

@misc{nasdaq,
	Author = {Google Finance},
	Date-Added = {2013-03-23 21:39:21 +0000},
	Date-Modified = {2015-04-27 22:43:06 +0000},
	Title = {Google Finanças},
	Url = {https://www.google.com/search?q=NASDAQ:GOOG&tbm=fin},
	Urlaccessdate = {11 nov 2018},
	Year = {2018}}
	
@book{dewey1980,
	Address = {New York, NY, USA},
	Author = {John Dewey},
	Date-Added = {2012-04-23 11:34:16 +0000},
	Date-Modified = {2012-04-23 11:34:16 +0000},
	Publisher = {Perigee Books},
	Title = {Art as Experience},
	Year = {1980}}

@book{portacopos,
	Address = {New York, NY, USA},
	Author = {Kalos, M. and Whitlock, P.},
	Date-Added = {2012-04-23 11:34:16 +0000},
	Date-Modified = {2012-04-23 11:34:16 +0000},
	Publisher = {John Wiley and Sons, A Wiley-Interscience Publication},
	Title = {Monte Carlo Methods},
	Year = {1986}}
	
@book{thomas,
	Author = {Thomas Ackermann},
	Date-Added = {2012-04-23 11:34:16 +0000},
	Date-Modified = {2012-04-23 11:34:16 +0000},
	Publisher = {John Wiley \& Sons, Ltd},
	Title = {Wind Power in Power Systems},
	Year = {2012}}
	
	
@article{art10,
	Author = {Suomalainen K, Silva C, Ferrão P and Connors S.},
	Journal = {Applied Energy},
	Number = {1},
	Title = {Wind power design in isolated energy systems: impacts of daily wind pattern},
	Year = {2013}
}

@article{art13,
	Author = {Ramirez P, Velazquez S.},
	Journal = {Renewable Sustainable Energy Review},
	Title = {A review of wind speed probability distributions used in wind energy analysis: case studies in the Canary Islands},
	Year = {2003}
}

@article{art14,
	Author = {Celik AN.},
	Journal = {Journal of Wind Engeneering and Industrial Aerodynamics},
	Title = {Energy output estimation for small-scale wind power generators using Weibull-representative wind data},
	Year = {2003}
}

@article{art15,
	Author = {Parastegari M, Hooshmand R-A, Khodabakhshian A and Zare A-H},
	Journal = {International Journal of Electrical Power \& Energy Systems},
	Title = {Joint operation of wind farm, photovoltaic, pump-storage and energy storage devices in energy and reserve markets},
	Year = {2015}
}

@article{art21,
	Author = {Chang WY.},
	Journal = {Journal of Power Energy Engineering},
	Title = {A literature review of wind forecasting methods},
	Year = {2014}
}

@article{art26,
	Author = {Calif R.},
	Journal = {Journal of Applied Energy},
	Title = {PDF models and synthetic model for the wind speed fluctuations based on the resolution of Langevin equation},
	Year = {2012}
}

@article{art28,
	Author = {Calif R. and Schmitt FG},
	Journal = {Journal of Wind Engeneering and Industrial Aerodynamics},
	Title = {Modeling of atmospheric wind speed sequence using a lognormal continuous stochastic equation},
	Year = {2012}
}

@article{art37,
	Author = {Edwards PJ and Hurst RB.},
	Journal = {Chaos: An Interdisciplinary Journal of Nonlinear Science},
	Title = {Level-crossing statistics of the horizontal wind speed in the planetary surface boundary layer},
	Year = {2001}
}

@article{art27,
	Author = {Zarate-Minano R, Milano F.},
	Journal = {Journal of Applied Energy},
	Title = {Construction of SDE-based wind speed models with exponentially decaying autocorrelation},
	Year = {2018}
}

@article{art30,
	Author = {Iversen EB, Morales JM, Møller JK and Madsen H.},
	Journal = {International Journal of Forecasting},
	Title = {Short-term probabilistic forecasting of wind speed using stochastic differential equations},
	Year = {2016}
}

@article{art31,
	Author = {Møller JK, Zugno M, Madsen H.},
	Journal = {International Journal of Forecasting},
	Title = {Probabilistic forecasts of wind power generation by stochastic differential equation models},
	Year = {2016}
}

@article{art20,
	Author = {Erdem E, Shi J.},
	Journal = {Journal of Applied Energy},
	Title = {ARMA based approaches for forecasting the tuple of wind speed and direction},
	Year = {2011}
}

@article{artmain,
	Author = {Angeliki Loukatoua, Sydney Howellb, Paul Johnsonc and Peter Duckc},
	Journal = {Journal of Applied Energy},
	Title = {Stochastic wind speed modelling for estimation of expected wind power output},
	Year = {2011}
}

@article{NOSRATI2018224,
title = {Fractional-order singular logistic map: Stability, bifurcation and chaos analysis},
journal = {Chaos, Solitons \& Fractals},
volume = {115},
pages = {224 - 238},
year = {2018},
issn = {0960-0779},
doi = {https://doi.org/10.1016/j.chaos.2018.08.023},
url = {http://www.sciencedirect.com/science/article/pii/S0960077918308932},
author = {Komeil Nosrati and Masoud Shafiee}
}

@article{dists,
author = {Drobinski, Philippe and Coulais, Corentin},
year = {2012},
month = {11},
pages = {},
title = {Is the Weibull distribution really suited for wind statistics modeling and wind power evaluation?}
}

@Inbook{Basrak2011,
author="Basrak, Bojan",
editor="Lovric, Miodrag",
title="Fisher-Tippett Theorem",
bookTitle="International Encyclopedia of Statistical Science",
year="2011",
publisher="Springer Berlin Heidelberg",
address="Berlin, Heidelberg",
pages="525--526",
isbn="978-3-642-04898-2",
doi="10.1007/978-3-642-04898-2_254",
url="https://doi.org/10.1007/978-3-642-04898-2_254"
}

@article{yulewalker,
 author = {Zhang, Hui-Min and Duhamel, P.},
 title = {On the Methods for Solving Yule-Walker Equations},
 journal = {Trans. Sig. Proc.},
 issue_date = {December 1992},
 volume = {40},
 number = {12},
 month = dec,
 year = {1992},
 issn = {1053-587X},
 pages = {2987--3000},
 numpages = {14},
 url = {http://dx.doi.org/10.1109/78.175742},
 doi = {10.1109/78.175742},
 acmid = {2202457},
 publisher = {IEEE Press},
 address = {Piscataway, NJ, USA}
} 

@book{boxjay,
 author = {Box, George Edward Pelham and Jenkins, Gwilym M.},
 title = {Time Series Analysis: Forecasting and Control},
 year = {1994},
 isbn = {0130607746},
 edition = {3rd},
 publisher = {Prentice Hall PTR},
 address = {Upper Saddle River, NJ, USA}}
 
@MISC{marq,
    author = {Ananth Ranganathan Th},
    title = {The Levenberg-Marquardt Algorithm},
    year = {2004}
}

@inproceedings{boller,
  title={Generalized autoregressive conditional heteroscedasticity},
  author={Tim Bollerslev},
  year={1986}
}

@article{engle,
 ISSN = {00129682, 14680262},
 URL = {http://www.jstor.org/stable/1912773},
 author = {Robert F. Engle},
 journal = {Econometrica},
 number = {4},
 pages = {987--1007},
 publisher = {[Wiley, Econometric Society]},
 title = {Autoregressive Conditional Heteroscedasticity with Estimates of the Variance of United Kingdom Inflation},
 volume = {50},
 year = {1982}
}

@article{khandakar,
   author = {Rob Hyndman and Yeasmin Khandakar},
   title = {Automatic Time Series Forecasting: The forecast Package for R},
   journal = {Journal of Statistical Software, Articles},
   volume = {27},
   number = {3},
   year = {2008},
   keywords = {},
   abstract = {Automatic forecasts of large numbers of univariate time series are often needed in business and other contexts. We describe two automatic forecasting algorithms that have been implemented in the forecast package for R. The first is based on innovations state space models that underly exponential smoothing methods. The second is a step-wise algorithm for forecasting with ARIMA models. The algorithms are applicable to both seasonal and non-seasonal data, and are compared and illustrated using four real time series. We also briefly describe some of the other functionality available in the forecast package.},
   issn = {1548-7660},
   pages = {1--22},
   doi = {10.18637/jss.v027.i03},
   url = {https://www.jstatsoft.org/v027/i03}
}

@article{frey,
author = {John Bailer, A.},
title = {Probabilistic Techniques in Exposure Assessment. A Handbook for Dealing with Variability and Uncertainty in Models and Inputs. A. C. Cullen and H. C. Frey, Plenum Press, New York and London, 1999. No. of pages: ix + 335. Price: \$99.50. ISBN 0-306-45956-6},
journal = {Statistics in Medicine},
volume = {20},
number = {14},
pages = {2211-2213},
doi = {10.1002/sim.958},
url = {https://onlinelibrary.wiley.com/doi/abs/10.1002/sim.958},
eprint = {https://onlinelibrary.wiley.com/doi/pdf/10.1002/sim.958},
year = {2001}
}

@Book{rob,
author = { Hyndman, Rob J., and Athanasopoulos, George, and OTexts.com, },
title = { Forecasting : principles and practice / Rob J Hyndman and George Athanasopoulos },
edition = { Print edition. },
isbn = { 9780987507105 },
publisher = { OTexts.com [Heathmont?, Victoria] },
pages = { 291 pages ; },
year = { 2014 2014 },
type = { Book },
language = { English },
subjects = { Business forecasting -- Australia.; Statistics -- Study and teaching.; Forecasting -- Study and teaching.; Australian },
life-dates = { 2014 - 2014 },
catalogue-url = { https://nla.gov.au/nla.cat-vn6450419 }
}

@article{pccurve,
author = {Früh, Wolf-Gerrit},
year = {2012},
month = {04},
pages = {1398-1403},
title = {Evaluation of two simple wind power forecasting methods applied to a long-term wind record from Scotland},
journal = {Renewable Energy and Power Quality Journal},
doi = {10.24084/repqj10.715}
}

@Article{Rforecast,
    title = {Automatic time series forecasting: the forecast package for {R}},
    author = {Rob J Hyndman and Yeasmin Khandakar},
    journal = {Journal of Statistical Software},
    volume = {26},
    number = {3},
    pages = {1--22},
    year = {2008},
    url = {http://www.jstatsoft.org/article/view/v027i03},
  }
  
@Manual{Rugarch,
    title = {rugarch: Univariate GARCH models.},
    author = {Alexios Ghalanos},
    year = {2019},
    note = {R package version 1.4-1.}
  }  
  
  
@article{llstm,
 author = {Hochreiter, Sepp and Schmidhuber, J\"{u}rgen},
 title = {Long Short-Term Memory},
 journal = {Neural Comput.},
 issue_date = {November 15, 1997},
 volume = {9},
 number = {8},
 month = nov,
 year = {1997},
 issn = {0899-7667},
 pages = {1735--1780},
 numpages = {46},
 url = {http://dx.doi.org/10.1162/neco.1997.9.8.1735},
 doi = {10.1162/neco.1997.9.8.1735},
 acmid = {1246450},
 publisher = {MIT Press},
 address = {Cambridge, MA, USA}
} 

@article{ssvm,
 author = {Hearst, Marti A.},
 title = {Support Vector Machines},
 journal = {IEEE Intelligent Systems},
 issue_date = {July 1998},
 volume = {13},
 number = {4},
 month = jul,
 year = {1998},
 issn = {1541-1672},
 pages = {18--28},
 numpages = {11},
 url = {http://dx.doi.org/10.1109/5254.708428},
 doi = {10.1109/5254.708428},
 acmid = {630387},
 publisher = {IEEE Educational Activities Department},
 address = {Piscataway, NJ, USA}
} 

@misc{tensorflow,
title={{TensorFlow}: Large-Scale Machine Learning on Heterogeneous Systems},
url={http://tensorflow.org/},
note={Software available from tensorflow.org},
author={
    Mart\'{\i}n~Abadi and
    Ashish~Agarwal and
    Paul~Barham and
    Eugene~Brevdo and
    Zhifeng~Chen and
    Craig~Citro and
    Greg~S.~Corrado and
    Andy~Davis and
    Jeffrey~Dean and
    Matthieu~Devin and
    Sanjay~Ghemawat and
    Ian~Goodfellow and
    Andrew~Harp and
    Geoffrey~Irving and
    Michael~Isard and
    Yangqing Jia and
    Rafal~Jozefowicz and
    Lukasz~Kaiser and
    Manjunath~Kudlur and
    Josh~Levenberg and
    Dan~Man\'{e} and
    Rajat~Monga and
    Sherry~Moore and
    Derek~Murray and
    Chris~Olah and
    Mike~Schuster and
    Jonathon~Shlens and
    Benoit~Steiner and
    Ilya~Sutskever and
    Kunal~Talwar and
    Paul~Tucker and
    Vincent~Vanhoucke and
    Vijay~Vasudevan and
    Fernanda~Vi\'{e}gas and
    Oriol~Vinyals and
    Pete~Warden and
    Martin~Wattenberg and
    Martin~Wicke and
    Yuan~Yu and
    Xiaoqiang~Zheng},
  year={2015}
}


@misc{keras,
author = {François Chollet },
title = {keras},
year = {2015},
publisher = {GitHub},
journal = {GitHub repository},
howpublished = {\url{https://github.com/fchollet/keras}},
commit = {5bcac37}
}

@Inbook{eike,
author="Akaike, Hirotugu",
editor="Lovric, Miodrag",
title="Akaike's Information Criterion",
bookTitle="International Encyclopedia of Statistical Science",
year="2011",
publisher="Springer Berlin Heidelberg",
address="Berlin, Heidelberg",
pages="25--25",
isbn="978-3-642-04898-2",
doi="10.1007/978-3-642-04898-2_110",
url="https://doi.org/10.1007/978-3-642-04898-2_110"
}

@article{kpss,
title = "Testing the null hypothesis of stationarity against the alternative of a unit root: How sure are we that economic time series have a unit root?",
journal = "Journal of Econometrics",
volume = "54",
number = "1",
pages = "159 - 178",
year = "1992",
issn = "0304-4076",
doi = "https://doi.org/10.1016/0304-4076(92)90104-Y",
url = "http://www.sciencedirect.com/science/article/pii/030440769290104Y",
author = "Denis Kwiatkowski and Peter C.B. Phillips and Peter Schmidt and Yongcheol Shin",
abstract = "We propose a test of the null hypothesis that an observable series is stationary around a deterministic trend. The series is expressed as the sum of deterministic trend, random walk, and stationary error, and the test is the LM test of the hypothesis that the random walk has zero variance. The asymptotic distribution of the statistic is derived under the null and under the alternative that the series is difference-stationary. Finite sample size and power are considered in a Monte Carlo experiment. The test is applied to the Nelson-Plosser data, and for many of these series the hypothesis of trend stationarity cannot be rejected."
}

@article{boxcox,
 ISSN = {00359246},
 URL = {http://www.jstor.org/stable/2984418},
 abstract = {In the analysis of data it is often assumed that observations y<sub>1</sub>, y<sub>2</sub>, ..., y<sub>n</sub> are independently normally distributed with constant variance and with expectations specified by a model linear in a set of parameters θ. In this paper we make the less restrictive assumption that such a normal, homoscedastic, linear model is appropriate after some suitable transformation has been applied to the y's. Inferences about the transformation and about the parameters of the linear model are made by computing the likelihood function and the relevant posterior distribution. The contributions of normality, homoscedasticity and additivity to the transformation are separated. The relation of the present methods to earlier procedures for finding transformations is discussed. The methods are illustrated with examples.},
 author = {G. E. P. Box and D. R. Cox},
 journal = {Journal of the Royal Statistical Society. Series B (Methodological)},
 number = {2},
 pages = {211--252},
 publisher = {[Royal Statistical Society, Wiley]},
 title = {An Analysis of Transformations},
 volume = {26},
 year = {1964}
}

@article{ljung,
    author = {LJUNG, G. M. and BOX, G. E. P.},
    title = "{On a measure of lack of fit in time series models}",
    journal = {Biometrika},
    volume = {65},
    number = {2},
    pages = {297-303},
    year = {1978},
    month = {08},
    abstract = "{The overall test for lack of fit in autoregressive-moving average models proposed by Box \\&amp; Pierce (1970) is considered. It is shown that a substantially improved approximation results from a simple modification of this test. Some consideration is given to the power of such tests and their robustness when the innovations are nonnormal. Similar modifications in the overall tests used for transfer function-noise models are proposed}",
    issn = {0006-3444},
    doi = {10.1093/biomet/65.2.297},
    url = {https://doi.org/10.1093/biomet/65.2.297},
    eprint = {http://oup.prod.sis.lan/biomet/article-pdf/65/2/297/649058/65-2-297.pdf}
}

@article{garch_vars,
 ISSN = {00130133, 14680297},
 URL = {http://www.jstor.org/stable/2957890},
 author = {Chris Brooks},
 journal = {The Economic Journal},
 number = {443},
 pages = {1271--1276},
 publisher = {[Royal Economic Society, Wiley]},
 title = {Garch Modelling in Finance: A Review of the Software Options},
 volume = {107},
 year = {1997}
}
